<?xml version="1.0" encoding="UTF-8"?><collection xmlns="http://www.loc.gov/MARC21/slim"><record><leader>00627nam--2200193-i-4500</leader><controlfield tag="001">000014486</controlfield><controlfield tag="002">20161230</controlfield><controlfield tag="005">20170101170524</controlfield><controlfield tag="008">060222s1000------------r-----000-0-rus-d</controlfield><datafield ind1=" " ind2=" " tag="040"><subfield code="a">IFIN-HH</subfield></datafield><datafield ind1=" " ind2=" " tag="041"><subfield code="a">rus</subfield></datafield><datafield ind1=" " ind2=" " tag="080"><subfield code="a">538.91=03.20=82</subfield></datafield><datafield ind1="1" ind2=" " tag="100"><subfield code="a">Birman, Joseph L</subfield></datafield><datafield ind1="1" ind2="0" tag="245"><subfield code="a">Prostranstvennaia simmetria i opticeskie svoistva tverdih tel. tom 1,</subfield><subfield code="c">Joseph L. Birman</subfield></datafield><datafield ind1=" " ind2=" " tag="260"><subfield code="a">Moskva</subfield><subfield code="b">Mir</subfield><subfield code="c">1978</subfield></datafield><datafield ind1=" " ind2=" " tag="300"><subfield code="a">387P</subfield></datafield><datafield ind1=" " ind2=" " tag="500"><subfield code="a">Titlul Original In Limba Engleza: Theory Of Crysral Space Groups And Infra-red And Raman Lattice Processes Of Insulating Crystals</subfield></datafield><datafield ind1=" " ind2=" " tag="852"><subfield code="a">47935</subfield><subfield code="c">53</subfield></datafield><datafield ind1=" " ind2=" " tag="CAT"><subfield code="a">SYS</subfield><subfield code="c">20170101</subfield><subfield code="h">170524</subfield></datafield></record></collection>